@book{ward15,
    author    = "Brian Ward",
    title     = "How Linux works: what every superuser should know",
    publisher = "No Starch Press",
    edition  = "2nd",
    year      = "2015",
}

@misc{wikiArch,
  author = "ArchWiki",
  title = {{Arch Linux}},
  howpublished = {\url{https://wiki.archlinux.org/index.php/Arch_Linux}},
  note = {Accessed: 29. 11. 2017}
}
@misc{wikiTux,
    author = "Wikipedia",
    title = "Tux",
    howpublished = {\url{https://en.wikipedia.org/wiki/Tux#cite_note-5}},
    note = {Accessed: 28. 10. 2017}
}
@misc{wikiLinux,
    author = "Wikipedia",
    title = "Linux",
    howpublished = {\url{https://en.wikipedia.org/wiki/Linux}},
    note = {Accessed: 29. 10. 2017}
}
@misc{wikiDebate,
    author = "Wikipedia",
    title = {{GNU/Linux naming controversy}},
    howpublished = {\url{https://en.wikipedia.org/wiki/GNU/Linux_naming_controversy}},
    note = {Accessed: 29. 10. 2017}
}
@misc{geekKernel,
    author = "Justin Garrison",
    title = {{What is the Linux Kernel and What Does It Do?}},
    howpublished = {\url{https://www.howtogeek.com/howto/31632/what-is-the-linux-kernel-and-what-does-it-do/}},
    note = {Accessed: 31. 10. 2017}
}
@misc{wikiShells,
    author = "ArchWiki",
    title = {{Command-line shell}},
    howpublished = {\url{https://wiki.archlinux.org/index.php/Command-line_shell}},
    note = {Accessed: 12. 11. 2017}
}
https://ryanstutorials.net/linuxtutorial/permissions.php
@misc{ryanPerm,
    author = "Ryans Tutorials",
    title = {{Linux Tutorial - 8. Permissions}},
    howpublished = {\url{https://ryanstutorials.net/linuxtutorial/permissions.php}},
    note = {Accessed: 15. 11. 2017}
}
@misc{LinPerm,
    author = "MFILLPOT",
    title = {{Understanding Linux File Permissions}},
    howpublished = {\url{https://www.linux.com/learn/understanding-linux-file-permissions}},
    note = {Accessed: 15. 11. 2017}
}
@misc{wikiDEs,
    author = "ArchWiki",
    title = {{Desktop environment}},
    howpublished = {\url{https://wiki.archlinux.org/index.php/desktop_environment}},
    note = {Accessed: 27. 11. 2017}
}
@misc{gnomeDE,
    author = "ArchWiki",
    title = {{GNOME}},
    howpublished = {\url{https://wiki.archlinux.org/index.php/GNOME}},
    note = {Accessed: 27. 11. 2017}
}
@misc{cinnamonDE,
    author = "ArchWiki",
    title = {{Cinnamon}},
    howpublished = {\url{https://wiki.archlinux.org/index.php/Cinnamon}},
    note = {Accessed: 27. 11. 2017}
}
@misc{mateDE,
    author = "MATE",
    title = {{MATE Desktop Environment}},
    howpublished = {\url{http://mate-desktop.org/}},
    note = {Accessed: 27. 11. 2017}
}
@misc{picGNOME,
    author = "Photo",
    title = "GNOME desktop",
    howpublished = {\url{https://i.ytimg.com/vi/VhK_2M0B8Qo/maxresdefault.jpg}},
    note = {Accessed: 27. 11. 2017}
}
@misc{picCinnamon,
    author = "Photo",
    title = "Cinnamon desktop",
    howpublished = {\url{http://sourcedigit.com/wp-content/uploads/2016/02/cinnamon-desktop-02.jpg}},
    note = {Accessed: 27. 11. 2017}
}
@misc{picMATE,
    author = "Photo",
    title = "MATE desktop",
    howpublished = {\url{https://upload.wikimedia.org/wikipedia/commons/thumb/7/7a/MATE_1.10.png/534px-MATE_1.10.png}},
    note = {Accessed: 27. 11. 2017}
}
@misc{picXfce,
    author = "Photo",
    title = "Xfce desktop",
    howpublished = {\url{https://www.tecmint.com/wp-content/uploads/2016/09/XFCE-Desktop.png}},
    note = {Accessed: 27. 11. 2017}
}
@misc{wikiDisto,
    author = "Wikipedia",
    title = {{Linux distribution}},
    howpublished = {\url{https://en.wikipedia.org/wiki/Linux_distribution}},
    note = {Accessed: 29. 11. 2017}
}
@misc{aboutGnome,
    author = "The GNOME Project",
    title = {{About us}},
    howpublished = {\url{https://www.gnome.org/about/}},
    note = {Accessed: 29. 11. 2017}
}
@misc{wikiUbuntu,
    author = "Wikipedia",
    title = {{Ubuntu (operating system)}},
    howpublished = {\url{https://en.wikipedia.org/wiki/Ubuntu_\%28operating_system\%29}},
    note = {Accessed: 29. 11. 2017}
}
@misc{aboutMint,
    author = "Linux Mint",
    title = {{About Us}},
    howpublished = {\url{https://linuxmint.com/about.php}},
    note = {Accessed: 29. 11. 2017}
}
@misc{deskRedHat,
    author = "RedHat",
    title = {{Red Hat Enterprise Linux Desktop}},
    howpublished = {\url{https://www.redhat.com/en/store/red-hat-enterprise-linux-desktop-or-red-hat-enterprise-linux-workstation#?sku=RH0844913}},
    note = {Accessed: 29. 11. 2017}
}
@misc{wikiDebian,
    author = "Wikipedia",
    title = {{Debian}},
    howpublished = {\url{https://en.wikipedia.org/wiki/Debian}},
    note = {Accessed: 29. 11. 2017}
}
@misc{aboutFedora,
    author = "The Fedora Project",
    title = {{Fedoraâ€™s Mission and Foundations}},
    howpublished = {\url{https://docs.fedoraproject.org/fedora-project/project/fedora-overview.html}},
    note = {Accessed: 29. 11. 2017}
}
@misc{wikiGUI,
    author = "Wikipedia",
    title = {{Graphical user interface}},
    howpublished = {\url{https://en.wikipedia.org/wiki/Graphical_user_interface}},
    note = {Accessed: 5. 12. 2017}
}
@misc{wikiSSH,
    author = "Wikipedia",
    title = {{Secure Shell}},
    howpublished = {\url{https://en.wikipedia.org/wiki/Secure_Shell}},
    note = {Accessed: 5. 12. 2017}
}
@misc{wikiCPU,
    author = "Wikipedia",
    title = {{Central processing unit}},
    howpublished = {\url{https://en.wikipedia.org/wiki/Central_processing_unit}},
    note = {Accessed: 5. 12. 2017}
}
@misc{gloIPC,
    author = "YourDictionary",
    title = {{}},
    howpublished = {\url{http://www.yourdictionary.com/ipc#computer}},
    note = {Accessed: 5. 12. 2017}
}
@misc{wikiGPL,
    author = "Wikipedia",
    title = {{GNU General Public License}},
    howpublished = {\url{https://en.wikipedia.org/wiki/GNU_General_Public_License}},
    note = {Accessed: 5. 12. 2017}
}
@misc{wikiPDA,
    author = "Wikipedia",
    title = {{Personal digital assistant}},
    howpublished = {\url{https://en.wikipedia.org/wiki/Personal_digital_assistant}},
    note = {Accessed: 5. 12. 2017}
}
@misc{wikiRAM,
    author = "Wikipedia",
    title = {{Random-access memory}},
    howpublished = {\url{https://en.wikipedia.org/wiki/Random-access_memory}},
    note = {Accessed: 5. 12. 2017}
}
@misc{wikiCLI,
    author = "Wikipedia",
    title = {{Command-line interface}},
    howpublished = {\url{https://en.wikipedia.org/wiki/Command-line_interface}},
    note = {Accessed: 5. 12. 2017}
}